% Encoding: UTF-8
@article{Rowe:2005:ASR,  
	author = {Lawrence A. Rowe and Ramesh Jain},
	title = {ACM SIGMM retreat report on future directions in multimedia research},
	journal = {ACM Transactions on Multimedia Computing, Communications, and Applications},
	volume = {1},
	number = {1},
	year = {2005},
	pages = {3--13},
}

@Article{vinet1989universal,
  author    = {Vinet, Pascal and Rose, James H and Ferrante, John and Smith, John R},
  title     = {Universal features of the equation of state of solids},
  journal   = {Journal of Physics: Condensed Matter},
  year      = {1989},
  volume    = {1},
  number    = {11},
  pages     = {1941},
  publisher = {IOP Publishing},
}

@Comment{jabref-meta: databaseType:bibtex;}
